<record><leader>00000cas a22000007a 4500</leader><controlfield tag="001">14353579</controlfield><controlfield tag="008">861007d19081916iauwr ne      0    0eng d</controlfield><datafield ind1=" " ind2=" " tag="010"><subfield code="a">sn 86060216 </subfield></datafield><datafield ind1=" " ind2=" " tag="040"><subfield code="a">INP</subfield><subfield code="b">eng</subfield><subfield code="c">INP</subfield><subfield code="d">OCLCQ</subfield></datafield><datafield ind1=" " ind2=" " tag="042"><subfield code="a">msc</subfield></datafield><datafield ind1="0" ind2=" " tag="130"><subfield code="a">Winterset reporter (Winterset, Iowa : 1908)</subfield></datafield><datafield ind1="1" ind2="4" tag="245"><subfield code="a">The Winterset reporter.</subfield></datafield><datafield ind1=" " ind2=" " tag="260"><subfield code="a">Winterset, Iowa :</subfield><subfield code="b">J.W. Miller,</subfield><subfield code="c">1908-</subfield></datafield><datafield ind1=" " ind2=" " tag="300"><subfield code="a">v. :</subfield><subfield code="b">ill. ;</subfield><subfield code="c">55 cm.</subfield></datafield><datafield ind1=" " ind2=" " tag="310"><subfield code="a">Weekly</subfield></datafield><datafield ind1="0" ind2=" " tag="362"><subfield code="a">Vol. 23, no. 1 (Jan. 2, 1908)-</subfield></datafield><datafield ind1="1" ind2=" " tag="362"><subfield code="a">Ceased in 1916.</subfield><subfield code="z">Cf. Bibl. of Iowa newspapers.</subfield></datafield><datafield ind1=" " ind2=" " tag="515"><subfield code="a">Occasional errors in numbering.</subfield></datafield><datafield ind1=" " ind2=" " tag="525"><subfield code="a">Jan. 7 and Apr. 8, 1909 issues include supplements.</subfield></datafield><datafield ind1=" " ind2=" " tag="752"><subfield code="a">United States</subfield><subfield code="b">Iowa</subfield><subfield code="c">Madison</subfield><subfield code="d">Winterset.</subfield></datafield><datafield ind1="0" ind2="0" tag="780"><subfield code="t">Madison County reporter</subfield><subfield code="w">(DLC)sn 86060215</subfield></datafield><datafield ind1="0" ind2="4" tag="785"><subfield code="t">Winterset madisonian (Winterset, Iowa : 1900)</subfield><subfield code="w">(DLC)sn 86060206</subfield></datafield></record>